

  <!-- title and titleStr: 245 multiple p, n -->
  <record>
    <leader>66662cim  2200457Ia 45í0</leader>
    <controlfield tag="001">a245multpn</controlfield>
    <controlfield tag="008">041202s2000    mdunnn  s      f    eng d</controlfield>
    <datafield tag="245" ind1="1" ind2="0">
      <subfield code="a">245 multiple p, n</subfield>
      <subfield code="p">first p subfield</subfield>
      <subfield code="n">first n subfield</subfield>
      <subfield code="p">second p subfield</subfield>
      <subfield code="n">second n subfield</subfield>
    </datafield>
  </record>