

  <!-- title 245 all subfields -->
  <record>
    <leader>66662cim  2200457Ia 45í0</leader>
    <controlfield tag="001">a245allSubs</controlfield>
    <controlfield tag="008">041202s2000    mdunnn  s      f    eng d</controlfield>
    <datafield tag="245" ind1="1" ind2="0">
      <subfield code="a">245a</subfield>
      <subfield code="b">245b</subfield>
      <subfield code="p">245p1</subfield>
      <subfield code="c">245c</subfield>
      <subfield code="s">245s</subfield>
      <subfield code="k">245k1</subfield>
      <subfield code="f">245f</subfield>
      <subfield code="n">245n1</subfield>
      <subfield code="g">245g</subfield>
      <subfield code="h">245h</subfield>
      <subfield code="p">245p2</subfield>
      <subfield code="k">245k2</subfield>
      <subfield code="n">245n2</subfield>
    </datafield>
  </record>