
  
  <record>
    <leader>66662cim  2200457Ia 45í0</leader>
    <controlfield tag="001">a2xx</controlfield>
    <controlfield tag="008">041202s2000    mdunnn  s      f    eng d</controlfield>
    <datafield tag="245" ind1="1" ind2="0">
      <subfield code="a">2xx fields</subfield>
    </datafield>
    <datafield tag="210" ind1=" " ind2=" ">
      <subfield code="a">210a</subfield>
      <subfield code="b">210b</subfield>
      <subfield code="z">nope</subfield>
    </datafield>
    <datafield tag="222" ind1=" " ind2=" ">
      <subfield code="a">222a</subfield>
      <subfield code="b">222b</subfield>
      <subfield code="z">nope</subfield>
    </datafield>
    <datafield tag="242" ind1=" " ind2=" ">
      <subfield code="a">242a</subfield>
      <subfield code="b">242b</subfield>
      <subfield code="c">nope</subfield>
      <subfield code="h">nope</subfield>
      <subfield code="n">242n</subfield>
      <subfield code="p">242p</subfield>
      <subfield code="y">nope</subfield>
    </datafield>
    <datafield tag="243" ind1=" " ind2=" ">
      <subfield code="a">243a</subfield>
      <subfield code="d">243d</subfield>
      <subfield code="f">243f</subfield>
      <subfield code="g">243g</subfield>
      <subfield code="h">nope</subfield>
      <subfield code="k">243k</subfield>
      <subfield code="l">243l</subfield>
      <subfield code="m">243m</subfield>
      <subfield code="n">243n</subfield>
      <subfield code="o">243o</subfield>
      <subfield code="p">243p</subfield>
      <subfield code="r">243r</subfield>
      <subfield code="s">243s</subfield>
    </datafield>
    <datafield tag="246" ind1=" " ind2=" ">
      <subfield code="a">246a</subfield>
      <subfield code="b">246b</subfield>
      <subfield code="f">246f</subfield>
      <subfield code="g">246g</subfield>
      <subfield code="h">nope</subfield>
      <subfield code="i">nope</subfield>
      <subfield code="n">246n</subfield>
      <subfield code="p">246p</subfield>
    </datafield>
    <datafield tag="247" ind1=" " ind2=" ">
      <subfield code="a">247a</subfield>
      <subfield code="b">247b</subfield>
      <subfield code="f">247f</subfield>
      <subfield code="g">247g</subfield>
      <subfield code="h">nope</subfield>
      <subfield code="i">nope</subfield>
      <subfield code="n">247n</subfield>
      <subfield code="p">247p</subfield>
    </datafield>
  </record>