
  
<!-- related and analytic titles:  7xx and 505t -->
  <record>
    <leader>66662cim  2200457Ia 45í0</leader>
    <controlfield tag="001">a505</controlfield>
    <controlfield tag="008">041202s2000    mdunnn  s      f    eng d</controlfield>
    <datafield tag="245" ind1="1" ind2="0">
      <subfield code="a">five-oh-five</subfield>
    </datafield>
    <datafield tag="505" ind1=" " ind2=" ">
      <subfield code="a">nope</subfield>
      <subfield code="g">nope</subfield>
      <subfield code="r">nope</subfield>
      <subfield code="t">505t</subfield>
      <subfield code="u">nope</subfield>
    </datafield>
  </record>