
  <record>
    <leader>66662cim  2200457Ia 45í0</leader>
    <controlfield tag="001">a700</controlfield>
    <controlfield tag="008">041202s2000    mdunnn  s      f    eng d</controlfield>
    <datafield tag="245" ind1=" " ind2="0">
      <subfield code="a">seven-oh-oh</subfield>
    </datafield>
    <datafield tag="700" ind1=" " ind2=" ">
      <subfield code="a">nope</subfield>
      <subfield code="b">nope</subfield>
      <subfield code="c">nope</subfield>
      <subfield code="d">700d</subfield>
      <subfield code="e">nope</subfield>
      <subfield code="f">700f</subfield>
      <subfield code="g">700g</subfield>
      <subfield code="h">nope</subfield>
      <subfield code="j">700j</subfield>
      <subfield code="k">700k</subfield>
      <subfield code="l">700l</subfield>
      <subfield code="m">700m</subfield>
      <subfield code="n">700n</subfield>
      <subfield code="o">700o</subfield>
      <subfield code="p">700p</subfield>
      <subfield code="q">nope</subfield>
      <subfield code="r">700r</subfield>
      <subfield code="s">700s</subfield>
      <subfield code="t">700t</subfield>
      <subfield code="u">nope</subfield>
      <subfield code="x">nope</subfield>
    </datafield>
  </record>