
  <record>
    <leader>66662cim  2200457Ia 45í0</leader>
    <controlfield tag="001">a710</controlfield>
    <controlfield tag="008">041202s2000    mdunnn  s      f    eng d</controlfield>
    <datafield tag="245" ind1=" " ind2="0">
      <subfield code="a">seven-one-oh</subfield>
    </datafield>
    <datafield tag="710" ind1=" " ind2=" ">
      <subfield code="a">nope</subfield>
      <subfield code="b">nope</subfield>
      <subfield code="c">nope</subfield>
      <subfield code="d">710d</subfield>
      <subfield code="e">nope</subfield>
      <subfield code="f">710f</subfield>
      <subfield code="g">710g</subfield>
      <subfield code="h">nope</subfield>
      <subfield code="k">710k</subfield>
      <subfield code="l">710l</subfield>
      <subfield code="m">710m</subfield>
      <subfield code="n">710n</subfield>
      <subfield code="o">710o</subfield>
      <subfield code="p">710p</subfield>
      <subfield code="r">710r</subfield>
      <subfield code="s">710s</subfield>
      <subfield code="t">710t</subfield>
      <subfield code="u">nope</subfield>
      <subfield code="x">nope</subfield>
    </datafield>
  </record>