  
  <record>
    <leader>66662cim  2200457Ia 45í0</leader>
    <controlfield tag="001">a711</controlfield>
    <controlfield tag="008">041202s2000    mdunnn  s      f    eng d</controlfield>
    <datafield tag="245" ind1=" " ind2="0">
      <subfield code="a">seven-one-one</subfield>
    </datafield>
    <datafield tag="711" ind1=" " ind2=" ">
      <subfield code="a">nope</subfield>
      <subfield code="c">nope</subfield>
      <subfield code="d">nope</subfield>
      <subfield code="e">nope</subfield>
      <subfield code="f">711f</subfield>
      <subfield code="g">711g</subfield>
      <subfield code="h">nope</subfield>
      <subfield code="j">nope</subfield>
      <subfield code="k">711k</subfield>
      <subfield code="l">711l</subfield>
      <subfield code="n">711n</subfield>
      <subfield code="p">711p</subfield>
      <subfield code="q">nope</subfield>
      <subfield code="s">711s</subfield>
      <subfield code="t">711t</subfield>
      <subfield code="u">nope</subfield>
      <subfield code="x">nope</subfield>
    </datafield>
  </record>