
  <record>
    <leader>66662cim  2200457Ia 45í0</leader>
    <controlfield tag="001">a730</controlfield>
    <controlfield tag="008">041202s2000    mdunnn  s      f    eng d</controlfield>
    <datafield tag="245" ind1=" " ind2="0">
      <subfield code="a">seven-thirty</subfield>
    </datafield>
    <datafield tag="730" ind1=" " ind2=" ">
      <subfield code="a">730a</subfield>
      <subfield code="d">730d</subfield>
      <subfield code="f">730f</subfield>
      <subfield code="g">730g</subfield>
      <subfield code="h">nope</subfield>
      <subfield code="k">730k</subfield>
      <subfield code="l">730l</subfield>
      <subfield code="m">730m</subfield>
      <subfield code="n">730n</subfield>
      <subfield code="o">730o</subfield>
      <subfield code="p">730p</subfield>
      <subfield code="r">730r</subfield>
      <subfield code="s">730s</subfield>
      <subfield code="t">730t</subfield>
      <subfield code="x">nope</subfield>
    </datafield>
  </record>