
  <record>
    <leader>66662cim  2200457Ia 45í0</leader>
    <controlfield tag="001">a740</controlfield>
    <controlfield tag="008">041202s2000    mdunnn  s      f    eng d</controlfield>
    <datafield tag="245" ind1=" " ind2="0">
      <subfield code="a">seven-fourty</subfield>
    </datafield>
    <datafield tag="740" ind1=" " ind2=" ">
      <subfield code="a">740a</subfield>
      <subfield code="h">nope</subfield>
      <subfield code="n">740n</subfield>
      <subfield code="p">740p</subfield>
    </datafield>
  </record>