
  <record>
    <leader>66662cim  2200457Ia 45í0</leader>
    <controlfield tag="001">a76x</controlfield>
    <controlfield tag="008">041202s2000    mdunnn  s      f    eng d</controlfield>
    <datafield tag="245" ind1=" " ind2="0">
      <subfield code="a">seven-six-something</subfield>
    </datafield>
    <datafield tag="760" ind1=" " ind2=" ">
      <subfield code="a">nope</subfield>
      <subfield code="i">nope</subfield>
      <subfield code="s">760s</subfield>
      <subfield code="t">760t</subfield>
    </datafield>
    <datafield tag="762" ind1=" " ind2=" ">
      <subfield code="b">nope</subfield>
      <subfield code="d">nope</subfield>
      <subfield code="s">762s</subfield>
      <subfield code="t">762t</subfield>
    </datafield>
    <datafield tag="765" ind1=" " ind2=" ">
      <subfield code="e">nope</subfield>
      <subfield code="n">nope</subfield>
      <subfield code="s">765s</subfield>
      <subfield code="t">765t</subfield>
    </datafield>
    <datafield tag="767" ind1=" " ind2=" ">
      <subfield code="g">nope</subfield>
      <subfield code="m">nope</subfield>
      <subfield code="s">767s</subfield>
      <subfield code="t">767t</subfield>
    </datafield>
  </record>