
  <record>
    <leader>66662cim  2200457Ia 45í0</leader>
    <controlfield tag="001">a77x</controlfield>
    <controlfield tag="008">041202s2000    mdunnn  s      f    eng d</controlfield>
    <datafield tag="245" ind1=" " ind2="0">
      <subfield code="a">seven-seven-something</subfield>
    </datafield>
    <datafield tag="770" ind1=" " ind2=" ">
      <subfield code="i">nope</subfield>
      <subfield code="s">770s</subfield>
      <subfield code="t">770t</subfield>
    </datafield>
    <datafield tag="772" ind1=" " ind2=" ">
      <subfield code="d">nope</subfield>
      <subfield code="s">772s</subfield>
      <subfield code="t">772t</subfield>
    </datafield>
    <datafield tag="773" ind1=" " ind2=" ">
      <subfield code="n">nope</subfield>
      <subfield code="s">773s</subfield>
      <subfield code="t">773t</subfield>
    </datafield>
    <datafield tag="774" ind1=" " ind2=" ">
      <subfield code="n">nope</subfield>
      <subfield code="s">774s</subfield>
      <subfield code="t">774t</subfield>
    </datafield>
    <datafield tag="775" ind1=" " ind2=" ">
      <subfield code="n">nope</subfield>
      <subfield code="s">775s</subfield>
      <subfield code="t">775t</subfield>
    </datafield>
    <datafield tag="776" ind1=" " ind2=" ">
      <subfield code="q">nope</subfield>
      <subfield code="s">776s</subfield>
      <subfield code="t">776t</subfield>
    </datafield>
    <datafield tag="777" ind1=" " ind2=" ">
      <subfield code="n">nope</subfield>
      <subfield code="s">777s</subfield>
      <subfield code="t">777t</subfield>
    </datafield>
  </record>