
  <record>
    <leader>66662cim  2200457Ia 45í0</leader>
    <controlfield tag="001">a78x</controlfield>
    <controlfield tag="008">041202s2000    mdunnn  s      f    eng d</controlfield>
    <datafield tag="245" ind1=" " ind2="0">
      <subfield code="a">seven-eight-something</subfield>
    </datafield>
    <datafield tag="780" ind1=" " ind2=" ">
      <subfield code="a">nope</subfield>
      <subfield code="s">780s</subfield>
      <subfield code="t">780t</subfield>
    </datafield>
    <datafield tag="785" ind1=" " ind2=" ">
      <subfield code="b">nope</subfield>
      <subfield code="s">785s</subfield>
      <subfield code="t">785t</subfield>
    </datafield>
    <datafield tag="786" ind1=" " ind2=" ">
      <subfield code="c">nope</subfield>
      <subfield code="s">786s</subfield>
      <subfield code="t">786t</subfield>
    </datafield>
    <datafield tag="787" ind1=" " ind2=" ">
      <subfield code="d">nope</subfield>
      <subfield code="s">787s</subfield>
      <subfield code="t">787t</subfield>
    </datafield>
  </record>