  
  <record>
    <leader>66662cim  2200457Ia 45í0</leader>
    <controlfield tag="001">a796</controlfield>
    <controlfield tag="008">041202s2000    mdunnn  s      f    eng d</controlfield>
    <datafield tag="245" ind1=" " ind2="0">
      <subfield code="a">seven-nine-six</subfield>
    </datafield>
    <datafield tag="796" ind1=" " ind2=" ">
      <subfield code="a">nope</subfield>
      <subfield code="b">nope</subfield>
      <subfield code="c">nope</subfield>
      <subfield code="d">797d</subfield>
      <subfield code="e">nope</subfield>
      <subfield code="f">796f</subfield>
      <subfield code="g">796g</subfield>
      <subfield code="h">nope</subfield>
      <subfield code="j">796j</subfield>
      <subfield code="k">796k</subfield>
      <subfield code="l">796l</subfield>
      <subfield code="m">796m</subfield>
      <subfield code="n">796n</subfield>
      <subfield code="o">796o</subfield>
      <subfield code="p">796p</subfield>
      <subfield code="q">nope</subfield>
      <subfield code="r">796r</subfield>
      <subfield code="s">796s</subfield>
      <subfield code="t">796t</subfield>
      <subfield code="u">nope</subfield>
      <subfield code="x">nope</subfield>
    </datafield>
  </record>