
  <record>
    <leader>66662cim  2200457Ia 45í0</leader>
    <controlfield tag="001">a797</controlfield>
    <controlfield tag="008">041202s2000    mdunnn  s      f    eng d</controlfield>
    <datafield tag="245" ind1=" " ind2="0">
      <subfield code="a">seven-nine-seven</subfield>
    </datafield>
    <datafield tag="797" ind1=" " ind2=" ">
      <subfield code="a">nope</subfield>
      <subfield code="b">nope</subfield>
      <subfield code="c">nope</subfield>
      <subfield code="d">797d</subfield>
      <subfield code="e">nope</subfield>
      <subfield code="f">797f</subfield>
      <subfield code="g">797g</subfield>
      <subfield code="h">nope</subfield>
      <subfield code="k">797k</subfield>
      <subfield code="l">797l</subfield>
      <subfield code="m">797m</subfield>
      <subfield code="n">797n</subfield>
      <subfield code="o">797o</subfield>
      <subfield code="p">797p</subfield>
      <subfield code="r">797r</subfield>
      <subfield code="s">797s</subfield>
      <subfield code="t">797t</subfield>
      <subfield code="u">nope</subfield>
      <subfield code="x">nope</subfield>
    </datafield>
  </record>