  
  <record>
    <leader>66662cim  2200457Ia 45í0</leader>
    <controlfield tag="001">a798</controlfield>
    <controlfield tag="008">041202s2000    mdunnn  s      f    eng d</controlfield>
    <datafield tag="245" ind1=" " ind2="0">
      <subfield code="a">seven-nine-eight</subfield>
    </datafield>
    <datafield tag="798" ind1=" " ind2=" ">
      <subfield code="a">nope</subfield>
      <subfield code="c">nope</subfield>
      <subfield code="d">nope</subfield>
      <subfield code="e">nope</subfield>
      <subfield code="f">798f</subfield>
      <subfield code="g">798g</subfield>
      <subfield code="h">nope</subfield>
      <subfield code="j">nope</subfield>
      <subfield code="k">798k</subfield>
      <subfield code="l">798l</subfield>
      <subfield code="n">798n</subfield>
      <subfield code="p">798p</subfield>
      <subfield code="q">nope</subfield>
      <subfield code="s">798s</subfield>
      <subfield code="t">798t</subfield>
      <subfield code="u">nope</subfield>
      <subfield code="x">nope</subfield>
    </datafield>
  </record>