
  <record>
    <leader>66662cim  2200457Ia 45í0</leader>
    <controlfield tag="001">a799</controlfield>
    <controlfield tag="008">041202s2000    mdunnn  s      f    eng d</controlfield>
    <datafield tag="245" ind1=" " ind2="0">
      <subfield code="a">seven-nine-nine</subfield>
    </datafield>
    <datafield tag="799" ind1=" " ind2=" ">
      <subfield code="a">799a</subfield>
      <subfield code="d">799d</subfield>
      <subfield code="f">799f</subfield>
      <subfield code="g">799g</subfield>
      <subfield code="h">nope</subfield>
      <subfield code="k">799k</subfield>
      <subfield code="l">799l</subfield>
      <subfield code="m">799m</subfield>
      <subfield code="n">799n</subfield>
      <subfield code="o">799o</subfield>
      <subfield code="p">799p</subfield>
      <subfield code="r">799r</subfield>
      <subfield code="s">799s</subfield>
      <subfield code="t">799t</subfield>
      <subfield code="x">nope</subfield>
    </datafield>
  </record>