
  <!-- series title: 4xx and 8xx -->
  <record>
    <leader>66662cim  2200457Ia 45í0</leader>
    <controlfield tag="001">a4x0</controlfield>
    <controlfield tag="008">041202s2000    mdunnn  s      f    eng d</controlfield>
    <datafield tag="245" ind1=" " ind2="0">
      <subfield code="a">two-fourty and two-ninety</subfield>
    </datafield>
    <datafield tag="440" ind1=" " ind2=" ">
      <subfield code="a">440a</subfield>
      <subfield code="n">440n</subfield>
      <subfield code="p">440p</subfield>
      <subfield code="v">440v</subfield>
      <subfield code="w">nope</subfield>
      <subfield code="x">nope</subfield>
    </datafield>
    <datafield tag="490" ind1=" " ind2=" ">
      <subfield code="a">490a</subfield>
      <subfield code="l">nope</subfield>
      <subfield code="v">490v</subfield>
      <subfield code="x">nope</subfield>
    </datafield>
  </record>