
  <record>
    <leader>66662cim  2200457Ia 45í0</leader>
    <controlfield tag="001">a800</controlfield>
    <controlfield tag="008">041202s2000    mdunnn  s      f    eng d</controlfield>
    <datafield tag="245" ind1=" " ind2="0">
      <subfield code="a">eight hundred</subfield>
    </datafield>
    <datafield tag="800" ind1=" " ind2=" ">
      <subfield code="a">nope</subfield>
      <subfield code="d">800d</subfield>
      <subfield code="f">800f</subfield>
      <subfield code="g">800g</subfield>
      <subfield code="h">nope</subfield>
      <subfield code="j">800j</subfield>
      <subfield code="k">800k</subfield>
      <subfield code="l">800l</subfield>
      <subfield code="m">800m</subfield>
      <subfield code="n">800n</subfield>
      <subfield code="o">800o</subfield>
      <subfield code="p">800p</subfield>
      <subfield code="r">800r</subfield>
      <subfield code="s">800s</subfield>
      <subfield code="t">800t</subfield>
      <subfield code="v">800v</subfield>
      <subfield code="x">nope</subfield>
    </datafield>
  </record>