
  <record>
    <leader>66662cim  2200457Ia 45í0</leader>
    <controlfield tag="001">a810</controlfield>
    <controlfield tag="008">041202s2000    mdunnn  s      f    eng d</controlfield>
    <datafield tag="245" ind1=" " ind2="0">
      <subfield code="a">eight ten</subfield>
    </datafield>
    <datafield tag="810" ind1=" " ind2=" ">
      <subfield code="a">nope</subfield>
      <subfield code="d">810d</subfield>
      <subfield code="f">810f</subfield>
      <subfield code="g">810g</subfield>
      <subfield code="h">nope</subfield>
      <subfield code="j">nope</subfield>
      <subfield code="k">810k</subfield>
      <subfield code="l">810l</subfield>
      <subfield code="m">810m</subfield>
      <subfield code="n">810n</subfield>
      <subfield code="o">810o</subfield>
      <subfield code="p">810p</subfield>
      <subfield code="r">810r</subfield>
      <subfield code="s">810s</subfield>
      <subfield code="t">810t</subfield>
      <subfield code="v">810v</subfield>
      <subfield code="x">nope</subfield>
    </datafield>
  </record>