
  <record>
    <leader>66662cim  2200457Ia 45í0</leader>
    <controlfield tag="001">a840</controlfield>
    <controlfield tag="008">041202s2000    mdunnn  s      f    eng d</controlfield>
    <datafield tag="245" ind1=" " ind2="0">
      <subfield code="a">eight fourty</subfield>
    </datafield>
    <datafield tag="840" ind1=" " ind2=" ">
      <subfield code="a">840a</subfield>
      <subfield code="v">840v</subfield>
      <subfield code="x">nope</subfield>
    </datafield>
  </record>