
  
  <!-- title2: 246 a but no 740 -->
  <record>
    <leader>66662cim  2200457Ia 45í0</leader>
    <controlfield tag="001">a246aNo740</controlfield>
    <controlfield tag="008">041202s2000    mdunnn  s      f    eng d</controlfield>
    <datafield tag="245" ind1="1" ind2="0">
      <subfield code="a">246 a but no 740</subfield>
    </datafield>
    <datafield tag="246" ind1="3" ind2=" ">
      <subfield code="a">field 246 subfield a</subfield>
    </datafield>
  </record>