

  <!-- oldTitle: 780 t but no a -->
  <record>
    <leader>66662cim  2200457Ia 45í0</leader>
    <controlfield tag="001">a780tNota</controlfield>
    <controlfield tag="008">041202s2000    mdunnn  s      f    eng d</controlfield>
    <datafield tag="245" ind1="1" ind2="0">
      <subfield code="a">780 t but no a</subfield>
    </datafield>
    <datafield tag="780" ind1="0" ind2="2">
      <subfield code="t">780 subfield t only</subfield>
    </datafield>
  </record>