

  <!-- newTitle: 785 a but no t -->
  <record>
    <leader>66662cim  2200457Ia 45í0</leader>
    <controlfield tag="001">a785aNott</controlfield>
    <controlfield tag="008">041202s2000    mdunnn  s      f    eng d</controlfield>
    <datafield tag="245" ind1="1" ind2="0">
      <subfield code="a">785 a but no t</subfield>
    </datafield>
    <datafield tag="785" ind1="0" ind2="2">
      <subfield code="a">785 subfield a only</subfield>
    </datafield>
  </record>