
  
  <!-- 130 field (uniform title main entry) -->
  <record>
    <leader>01260cam a2200349 a 4500</leader>
    <controlfield tag="001">a130</controlfield>
    <controlfield tag="008">000828s2000    it       b    000 0 ita c</controlfield>
    <datafield tag="130" ind1="0" ind2="4">
      <subfield code="a">The Snimm.</subfield>
    </datafield>
    <datafield tag="245" ind1="0" ind2="0">
      <subfield code="a">130 4 non-filing</subfield>
    </datafield>
  </record>