

  <!-- 240 field with initial numeric subfield -->
  <record>
    <leader>01260cam a2200349 a 4500</leader>
    <controlfield tag="001">a0240</controlfield>
    <controlfield tag="008">000828s2000    it       b    000 0 ita c</controlfield>
    <datafield tag="240" ind1="0" ind2="0">
      <subfield code="0">(DE-101c)310008891</subfield>
      <subfield code="a">sleep little fishies</subfield>
    </datafield>
    <datafield tag="245" ind1="0" ind2="0">
      <subfield code="a">240 has sub 0</subfield>
    </datafield>
  </record>